%% This BibTeX bibliography file was created using BibDesk.
%% https://bibdesk.sourceforge.io/

%% Created for Sacha Peterson at 2022-05-04 12:46:54 -0700 


%% Saved with string encoding Unicode (UTF-8) 



@article{Guo2018Non,
	author = {Philip J. Guo},
	date-added = {2022-05-02 13:24:38 -0700},
	date-modified = {2022-05-02 13:25:47 -0700},
	journal = {ACM},
	title = {Non-Native English Speakers Learning Computer Programming: Barriers, Desires, and Design Opportunities},
	year = {2018},
	Bdsk-File-1 = {YnBsaXN0MDDSAQIDBFxyZWxhdGl2ZVBhdGhZYWxpYXNEYXRhXxBOLi4vQ09NUFMgU291cmNlcy9ub24tbmF0aXZlLWVuZ2xpc2gtc3BlYWtlcnMtbGVhcm5pbmctcHJvZ3JhbW1pbmdfQ0hJLTIwMTgucGRmTxECMAAAAAACMAACAAAMTWFjaW50b3NoIEhEAAAAAAAAAAAAAAAAAAAAAAAAAEJEAAH/////H25vbi1uYXRpdmUtZW5nbGlzaCNGRkZGRkZGRi5wZGYAAAAAAAAAAAAAAAAAAAAAAAAAAAAAAAAAAAAAAAAAAP////8AAAAAAAAAAAAAAAAAAQACAAAKIGN1AAAAAAAAAAAAAAAAAA1DT01QUyBTb3VyY2VzAAACAGkvOlVzZXJzOnNhY2hhcGV0ZXJzb246RGVza3RvcDpDT01QUyBTb3VyY2VzOm5vbi1uYXRpdmUtZW5nbGlzaC1zcGVha2Vycy1sZWFybmluZy1wcm9ncmFtbWluZ19DSEktMjAxOC5wZGYAAA4AfAA9AG4AbwBuAC0AbgBhAHQAaQB2AGUALQBlAG4AZwBsAGkAcwBoAC0AcwBwAGUAYQBrAGUAcgBzAC0AbABlAGEAcgBuAGkAbgBnAC0AcAByAG8AZwByAGEAbQBtAGkAbgBnAF8AQwBIAEkALQAyADAAMQA4AC4AcABkAGYADwAaAAwATQBhAGMAaQBuAHQAbwBzAGgAIABIAEQAEgBnVXNlcnMvc2FjaGFwZXRlcnNvbi9EZXNrdG9wL0NPTVBTIFNvdXJjZXMvbm9uLW5hdGl2ZS1lbmdsaXNoLXNwZWFrZXJzLWxlYXJuaW5nLXByb2dyYW1taW5nX0NISS0yMDE4LnBkZgAAEwABLwAAFQACABT//wAAAAgADQAaACQAdQAAAAAAAAIBAAAAAAAAAAUAAAAAAAAAAAAAAAAAAAKp}}

@misc{Pierce2021Software,
	author = {Benjamin C. Pierce},
	date-added = {2022-05-02 13:02:09 -0700},
	date-modified = {2022-05-04 12:46:54 -0700},
	howpublished = {Electronic},
	month = {08},
	title = {Software Foundations Volume 1: Logical Foundations},
	url = {https://softwarefoundations.cis.upenn.edu/lf-current/index.html},
	year = {2021},
	Bdsk-Url-1 = {https://softwarefoundations.cis.upenn.edu/lf-current/index.html}}

@misc{OCaml,
	date-added = {2022-04-26 15:12:20 -0700},
	date-modified = {2022-05-02 15:15:34 -0700},
	url = {https://cs3110.github.io/textbook/cover.html},
	Bdsk-Url-1 = {https://cs3110.github.io/textbook/cover.html}}

@webpage{typetheory,
	date-added = {2022-04-26 13:55:55 -0700},
	date-modified = {2022-04-26 13:56:09 -0700},
	url = {https://ncatlab.org/nlab/show/type+theory},
	Bdsk-Url-1 = {https://ncatlab.org/nlab/show/type+theory}}

@article{Idris2018Correlation,
	author = {Mrwan Ben Idris},
	date-added = {2022-04-26 13:26:50 -0700},
	date-modified = {2022-04-26 13:28:25 -0700},
	journal = {West Virginia University},
	title = {The Correlation between Arabic Student's English Proficiency and Their Computer Programming Ability at the University Level},
	year = {2018},
	Bdsk-File-1 = {YnBsaXN0MDDSAQIDBFxyZWxhdGl2ZVBhdGhZYWxpYXNEYXRhXxBGLi4vQ09NUFMgU291cmNlcy9UaGVfQ29ycmVsYXRpb25fYmV0d2Vlbl9BcmFiaWNfU3R1ZGVudHNfRW5nbGlzaF9QLnBkZk8RAhAAAAAAAhAAAgAADE1hY2ludG9zaCBIRAAAAAAAAAAAAAAAAAAAAAAAAABCRAAB/////x9UaGVfQ29ycmVsYXRpb25fYmUjRkZGRkZGRkYucGRmAAAAAAAAAAAAAAAAAAAAAAAAAAAAAAAAAAAAAAAAAAD/////AAAAAAAAAAAAAAAAAAEAAgAACiBjdQAAAAAAAAAAAAAAAAANQ09NUFMgU291cmNlcwAAAgBhLzpVc2VyczpzYWNoYXBldGVyc29uOkRlc2t0b3A6Q09NUFMgU291cmNlczpUaGVfQ29ycmVsYXRpb25fYmV0d2Vlbl9BcmFiaWNfU3R1ZGVudHNfRW5nbGlzaF9QLnBkZgAADgBsADUAVABoAGUAXwBDAG8AcgByAGUAbABhAHQAaQBvAG4AXwBiAGUAdAB3AGUAZQBuAF8AQQByAGEAYgBpAGMAXwBTAHQAdQBkAGUAbgB0AHMAXwBFAG4AZwBsAGkAcwBoAF8AUAAuAHAAZABmAA8AGgAMAE0AYQBjAGkAbgB0AG8AcwBoACAASABEABIAX1VzZXJzL3NhY2hhcGV0ZXJzb24vRGVza3RvcC9DT01QUyBTb3VyY2VzL1RoZV9Db3JyZWxhdGlvbl9iZXR3ZWVuX0FyYWJpY19TdHVkZW50c19FbmdsaXNoX1AucGRmAAATAAEvAAAVAAIAFP//AAAACAANABoAJABtAAAAAAAAAgEAAAAAAAAABQAAAAAAAAAAAAAAAAAAAoE=}}

@article{Veerasamy2014Teaching,
	author = {Ashok Kumar Veerasamy},
	date-added = {2022-04-26 13:14:57 -0700},
	date-modified = {2022-04-26 13:15:59 -0700},
	journal = {RMIT University},
	title = {Teaching English Based Programming Courses to English Language Learners/Non-Native Speakers of English},
	year = {2014},
	Bdsk-File-1 = {YnBsaXN0MDDSAQIDBFxyZWxhdGl2ZVBhdGhZYWxpYXNEYXRhXxApLi4vQ09NUFMgU291cmNlcy8wMDQtSUNFTUkyMDE0X0gwMDAwNi5wZGZPEQGaAAAAAAGaAAIAAAxNYWNpbnRvc2ggSEQAAAAAAAAAAAAAAAAAAAAAAAAAQkQAAf////8YMDA0LUlDRU1JMjAxNF9IMDAwMDYucGRmAAAAAAAAAAAAAAAAAAAAAAAAAAAAAAAAAAAAAAAAAAAAAAAAAAAA/////wAAAAAAAAAAAAAAAAABAAIAAAogY3UAAAAAAAAAAAAAAAAADUNPTVBTIFNvdXJjZXMAAAIARC86VXNlcnM6c2FjaGFwZXRlcnNvbjpEZXNrdG9wOkNPTVBTIFNvdXJjZXM6MDA0LUlDRU1JMjAxNF9IMDAwMDYucGRmAA4AMgAYADAAMAA0AC0ASQBDAEUATQBJADIAMAAxADQAXwBIADAAMAAwADAANgAuAHAAZABmAA8AGgAMAE0AYQBjAGkAbgB0AG8AcwBoACAASABEABIAQlVzZXJzL3NhY2hhcGV0ZXJzb24vRGVza3RvcC9DT01QUyBTb3VyY2VzLzAwNC1JQ0VNSTIwMTRfSDAwMDA2LnBkZgATAAEvAAAVAAIAFP//AAAACAANABoAJABQAAAAAAAAAgEAAAAAAAAABQAAAAAAAAAAAAAAAAAAAe4=}}

@webpage{SimPPLe,
	date-added = {2022-04-26 12:58:51 -0700},
	date-modified = {2022-04-26 12:59:13 -0700},
	url = {https://esolangs.org/wiki/SimPPLe},
	Bdsk-Url-1 = {https://esolangs.org/wiki/SimPPLe}}

@electronic{CS4110IMP,
	date-added = {2022-04-22 12:15:01 -0700},
	date-modified = {2022-04-22 12:20:53 -0700},
	title = {The IMP Language},
	Bdsk-File-1 = {YnBsaXN0MDDSAQIDBFxyZWxhdGl2ZVBhdGhZYWxpYXNEYXRhXxAeLi4vQ09NUFMgU291cmNlcy9sZWN0dXJlMDUucGRmTxEBcAAAAAABcAACAAAMTWFjaW50b3NoIEhEAAAAAAAAAAAAAAAAAAAAAAAAAEJEAAH/////DWxlY3R1cmUwNS5wZGYAAAAAAAAAAAAAAAAAAAAAAAAAAAAAAAAAAAAAAAAAAAAAAAAAAAAAAAAAAAAAAAAAAP////8AAAAAAAAAAAAAAAAAAQACAAAKIGN1AAAAAAAAAAAAAAAAAA1DT01QUyBTb3VyY2VzAAACADkvOlVzZXJzOnNhY2hhcGV0ZXJzb246RGVza3RvcDpDT01QUyBTb3VyY2VzOmxlY3R1cmUwNS5wZGYAAA4AHAANAGwAZQBjAHQAdQByAGUAMAA1AC4AcABkAGYADwAaAAwATQBhAGMAaQBuAHQAbwBzAGgAIABIAEQAEgA3VXNlcnMvc2FjaGFwZXRlcnNvbi9EZXNrdG9wL0NPTVBTIFNvdXJjZXMvbGVjdHVyZTA1LnBkZgAAEwABLwAAFQACABT//wAAAAgADQAaACQARQAAAAAAAAIBAAAAAAAAAAUAAAAAAAAAAAAAAAAAAAG5}}

@article{Pradel2014TypeDevil,
	author = {Michael Pradel},
	date-added = {2022-04-22 11:26:11 -0700},
	date-modified = {2022-04-22 11:27:42 -0700},
	journal = {Electrical Engineering and Computer Sciences University of California at Berkeley},
	title = {TypeDevil: Dynamic Type Inconsistency Analysis for JavaScript},
	year = {2014}}

@webpage{brainfuck,
	date-added = {2022-04-20 17:51:53 -0700},
	date-modified = {2022-04-20 17:52:08 -0700},
	url = {https://esolangs.org/wiki/Brainfuck},
	Bdsk-Url-1 = {https://esolangs.org/wiki/Brainfuck}}

@webpage{J.A.V.A.,
	date-added = {2022-04-20 17:51:33 -0700},
	date-modified = {2022-04-20 17:51:50 -0700},
	url = {https://esolangs.org/wiki/J.A.V.A.},
	Bdsk-Url-1 = {https://esolangs.org/wiki/J.A.V.A.}}

@webpage{malbolge,
	date-added = {2022-04-20 17:50:54 -0700},
	date-modified = {2022-04-20 17:51:23 -0700},
	url = {https://esolangs.org/wiki/Malbolge},
	Bdsk-Url-1 = {https://esolangs.org/wiki/Malbolge}}

@article{Morr2014Esoteric,
	author = {Sebastian Morr},
	date-added = {2022-04-18 16:01:41 -0700},
	date-modified = {2022-04-18 16:02:52 -0700},
	journal = {Braunschweig University of Technology},
	title = {Esoteric Programming Languages: An introduction to Brainfuck, INTERCAL, Befunge, Malbolge, and Shakespeare},
	year = {2014},
	Bdsk-File-1 = {YnBsaXN0MDDSAQIDBFxyZWxhdGl2ZVBhdGhZYWxpYXNEYXRhXxAdLi4vQ09NUFMgU291cmNlcy9lc29sYW5ncy5wZGZPEQFqAAAAAAFqAAIAAAxNYWNpbnRvc2ggSEQAAAAAAAAAAAAAAAAAAAAAAAAAQkQAAf////8MZXNvbGFuZ3MucGRmAAAAAAAAAAAAAAAAAAAAAAAAAAAAAAAAAAAAAAAAAAAAAAAAAAAAAAAAAAAAAAAAAAAA/////wAAAAAAAAAAAAAAAAABAAIAAAogY3UAAAAAAAAAAAAAAAAADUNPTVBTIFNvdXJjZXMAAAIAOC86VXNlcnM6c2FjaGFwZXRlcnNvbjpEZXNrdG9wOkNPTVBTIFNvdXJjZXM6ZXNvbGFuZ3MucGRmAA4AGgAMAGUAcwBvAGwAYQBuAGcAcwAuAHAAZABmAA8AGgAMAE0AYQBjAGkAbgB0AG8AcwBoACAASABEABIANlVzZXJzL3NhY2hhcGV0ZXJzb24vRGVza3RvcC9DT01QUyBTb3VyY2VzL2Vzb2xhbmdzLnBkZgATAAEvAAAVAAIAFP//AAAACAANABoAJABEAAAAAAAAAgEAAAAAAAAABQAAAAAAAAAAAAAAAAAAAbI=}}

@article{Tachtler2021Unaccompanied,
	author = {Franziska Tachtler},
	date-added = {2022-04-16 20:06:04 -0700},
	date-modified = {2022-04-22 11:22:06 -0700},
	journal = {ACM},
	title = {Unaccompanied Migrant Youth and Mental Health Technologies: A Social-Ecological Approach to Understanding and Designing},
	year = {2021},
	Bdsk-File-1 = {YnBsaXN0MDDSAQIDBFxyZWxhdGl2ZVBhdGhZYWxpYXNEYXRhXxA6Li4vQ09NUFMgU291cmNlcy9UYWNodGxlcjIwMjFVbmFjY29tcGFuaWVkTWlncmFudFlvdXRoLnBkZk8RAeAAAAAAAeAAAgAADE1hY2ludG9zaCBIRAAAAAAAAAAAAAAAAAAAAAAAAABCRAAB/////x9UYWNodGxlcjIwMjFVbmFjY28jRkZGRkZGRkYucGRmAAAAAAAAAAAAAAAAAAAAAAAAAAAAAAAAAAAAAAAAAAD/////AAAAAAAAAAAAAAAAAAEAAgAACiBjdQAAAAAAAAAAAAAAAAANQ09NUFMgU291cmNlcwAAAgBVLzpVc2VyczpzYWNoYXBldGVyc29uOkRlc2t0b3A6Q09NUFMgU291cmNlczpUYWNodGxlcjIwMjFVbmFjY29tcGFuaWVkTWlncmFudFlvdXRoLnBkZgAADgBUACkAVABhAGMAaAB0AGwAZQByADIAMAAyADEAVQBuAGEAYwBjAG8AbQBwAGEAbgBpAGUAZABNAGkAZwByAGEAbgB0AFkAbwB1AHQAaAAuAHAAZABmAA8AGgAMAE0AYQBjAGkAbgB0AG8AcwBoACAASABEABIAU1VzZXJzL3NhY2hhcGV0ZXJzb24vRGVza3RvcC9DT01QUyBTb3VyY2VzL1RhY2h0bGVyMjAyMVVuYWNjb21wYW5pZWRNaWdyYW50WW91dGgucGRmAAATAAEvAAAVAAIAFP//AAAACAANABoAJABhAAAAAAAAAgEAAAAAAAAABQAAAAAAAAAAAAAAAAAAAkU=}}

@article{Shrestha2020Here,
	author = {Nischal Shrestha},
	date-added = {2022-04-13 16:10:27 -0700},
	date-modified = {2022-04-22 11:21:13 -0700},
	journal = {ICSE '20},
	title = {Here We Go Again: Why Is It Difficult for Developers to Learn Another Programming Language?},
	year = {2020},
	Bdsk-File-1 = {YnBsaXN0MDDSAQIDBFxyZWxhdGl2ZVBhdGhZYWxpYXNEYXRhXxAdLi4vQ09NUFMgU291cmNlcy8xMDEzOTExNi5wZGZPEQFqAAAAAAFqAAIAAAxNYWNpbnRvc2ggSEQAAAAAAAAAAAAAAAAAAAAAAAAAQkQAAf////8MMTAxMzkxMTYucGRmAAAAAAAAAAAAAAAAAAAAAAAAAAAAAAAAAAAAAAAAAAAAAAAAAAAAAAAAAAAAAAAAAAAA/////wAAAAAAAAAAAAAAAAABAAIAAAogY3UAAAAAAAAAAAAAAAAADUNPTVBTIFNvdXJjZXMAAAIAOC86VXNlcnM6c2FjaGFwZXRlcnNvbjpEZXNrdG9wOkNPTVBTIFNvdXJjZXM6MTAxMzkxMTYucGRmAA4AGgAMADEAMAAxADMAOQAxADEANgAuAHAAZABmAA8AGgAMAE0AYQBjAGkAbgB0AG8AcwBoACAASABEABIANlVzZXJzL3NhY2hhcGV0ZXJzb24vRGVza3RvcC9DT01QUyBTb3VyY2VzLzEwMTM5MTE2LnBkZgATAAEvAAAVAAIAFP//AAAACAANABoAJABEAAAAAAAAAgEAAAAAAAAABQAAAAAAAAAAAAAAAAAAAbI=}}
