%% This BibTeX bibliography file was created using BibDesk.
%% https://bibdesk.sourceforge.io/

%% Created for Sacha Peterson at 2022-03-03 22:06:33 -0800 


%% Saved with string encoding Unicode (UTF-8) 



@article{Morr2014Esoteric,
	author = {Sebastian Morr},
	date-added = {2022-03-03 22:02:15 -0800},
	date-modified = {2022-03-03 22:06:19 -0800},
	title = {Esoteric Programming Languages: An introduction to Brainfuck, INTERCAL, Befunge, Malbolge, and Shakespeare},
	year = {2014},
	Bdsk-File-1 = {YnBsaXN0MDDSAQIDBFxyZWxhdGl2ZVBhdGhZYWxpYXNEYXRhXxASLi4vLi4vZXNvbGFuZ3MucGRmTxEBSAAAAAABSAACAAAMTWFjaW50b3NoIEhEAAAAAAAAAAAAAAAAAAAAAAAAAEJEAAH/////DGVzb2xhbmdzLnBkZgAAAAAAAAAAAAAAAAAAAAAAAAAAAAAAAAAAAAAAAAAAAAAAAAAAAAAAAAAAAAAAAAAAAP////8AAAAAAAAAAAAAAAAAAgABAAAKIGN1AAAAAAAAAAAAAAAAAAdEZXNrdG9wAAACACovOlVzZXJzOnNhY2hhcGV0ZXJzb246RGVza3RvcDplc29sYW5ncy5wZGYADgAaAAwAZQBzAG8AbABhAG4AZwBzAC4AcABkAGYADwAaAAwATQBhAGMAaQBuAHQAbwBzAGgAIABIAEQAEgAoVXNlcnMvc2FjaGFwZXRlcnNvbi9EZXNrdG9wL2Vzb2xhbmdzLnBkZgATAAEvAAAVAAIAFP//AAAACAANABoAJAA5AAAAAAAAAgEAAAAAAAAABQAAAAAAAAAAAAAAAAAAAYU=}}
