%% This BibTeX bibliography file was created using BibDesk.
%% https://bibdesk.sourceforge.io/

%% Created for Sacha Peterson at 2022-04-22 12:20:53 -0700 


%% Saved with string encoding Unicode (UTF-8) 



@electronic{CS4110IMP,
	date-added = {2022-04-22 12:15:01 -0700},
	date-modified = {2022-04-22 12:20:53 -0700},
	title = {The IMP Language},
	Bdsk-File-1 = {YnBsaXN0MDDSAQIDBFxyZWxhdGl2ZVBhdGhZYWxpYXNEYXRhXxAeLi4vQ09NUFMgU291cmNlcy9sZWN0dXJlMDUucGRmTxEBcAAAAAABcAACAAAMTWFjaW50b3NoIEhEAAAAAAAAAAAAAAAAAAAAAAAAAEJEAAH/////DWxlY3R1cmUwNS5wZGYAAAAAAAAAAAAAAAAAAAAAAAAAAAAAAAAAAAAAAAAAAAAAAAAAAAAAAAAAAAAAAAAAAP////8AAAAAAAAAAAAAAAAAAQACAAAKIGN1AAAAAAAAAAAAAAAAAA1DT01QUyBTb3VyY2VzAAACADkvOlVzZXJzOnNhY2hhcGV0ZXJzb246RGVza3RvcDpDT01QUyBTb3VyY2VzOmxlY3R1cmUwNS5wZGYAAA4AHAANAGwAZQBjAHQAdQByAGUAMAA1AC4AcABkAGYADwAaAAwATQBhAGMAaQBuAHQAbwBzAGgAIABIAEQAEgA3VXNlcnMvc2FjaGFwZXRlcnNvbi9EZXNrdG9wL0NPTVBTIFNvdXJjZXMvbGVjdHVyZTA1LnBkZgAAEwABLwAAFQACABT//wAAAAgADQAaACQARQAAAAAAAAIBAAAAAAAAAAUAAAAAAAAAAAAAAAAAAAG5}}

@article{Pradel2014TypeDevil,
	author = {Michael Pradel},
	date-added = {2022-04-22 11:26:11 -0700},
	date-modified = {2022-04-22 11:27:42 -0700},
	journal = {Electrical Engineering and Computer Sciences University of California at Berkeley},
	title = {TypeDevil: Dynamic Type Inconsistency Analysis for JavaScript},
	year = {2014}}

@webpage{brainfuck,
	date-added = {2022-04-20 17:51:53 -0700},
	date-modified = {2022-04-20 17:52:08 -0700},
	url = {https://esolangs.org/wiki/Brainfuck}}

@webpage{J.A.V.A.,
	date-added = {2022-04-20 17:51:33 -0700},
	date-modified = {2022-04-20 17:51:50 -0700},
	url = {https://esolangs.org/wiki/J.A.V.A.}}

@webpage{malbolge,
	date-added = {2022-04-20 17:50:54 -0700},
	date-modified = {2022-04-20 17:51:23 -0700},
	url = {https://esolangs.org/wiki/Malbolge}}

@article{Morr2014Esoteric,
	author = {Sebastian Morr},
	date-added = {2022-04-18 16:01:41 -0700},
	date-modified = {2022-04-18 16:02:52 -0700},
	journal = {Braunschweig University of Technology},
	title = {Esoteric Programming Languages: An introduction to Brainfuck, INTERCAL, Befunge, Malbolge, and Shakespeare},
	year = {2014},
	Bdsk-File-1 = {YnBsaXN0MDDSAQIDBFxyZWxhdGl2ZVBhdGhZYWxpYXNEYXRhXxAdLi4vQ09NUFMgU291cmNlcy9lc29sYW5ncy5wZGZPEQFqAAAAAAFqAAIAAAxNYWNpbnRvc2ggSEQAAAAAAAAAAAAAAAAAAAAAAAAAQkQAAf////8MZXNvbGFuZ3MucGRmAAAAAAAAAAAAAAAAAAAAAAAAAAAAAAAAAAAAAAAAAAAAAAAAAAAAAAAAAAAAAAAAAAAA/////wAAAAAAAAAAAAAAAAABAAIAAAogY3UAAAAAAAAAAAAAAAAADUNPTVBTIFNvdXJjZXMAAAIAOC86VXNlcnM6c2FjaGFwZXRlcnNvbjpEZXNrdG9wOkNPTVBTIFNvdXJjZXM6ZXNvbGFuZ3MucGRmAA4AGgAMAGUAcwBvAGwAYQBuAGcAcwAuAHAAZABmAA8AGgAMAE0AYQBjAGkAbgB0AG8AcwBoACAASABEABIANlVzZXJzL3NhY2hhcGV0ZXJzb24vRGVza3RvcC9DT01QUyBTb3VyY2VzL2Vzb2xhbmdzLnBkZgATAAEvAAAVAAIAFP//AAAACAANABoAJABEAAAAAAAAAgEAAAAAAAAABQAAAAAAAAAAAAAAAAAAAbI=}}

@article{Tachtler2021Unaccompanied,
	author = {Franziska Tachtler},
	date-added = {2022-04-16 20:06:04 -0700},
	date-modified = {2022-04-22 11:22:06 -0700},
	journal = {ACM},
	title = {Unaccompanied Migrant Youth and Mental Health Technologies: A Social-Ecological Approach to Understanding and Designing},
	year = {2021},
	Bdsk-File-1 = {YnBsaXN0MDDSAQIDBFxyZWxhdGl2ZVBhdGhZYWxpYXNEYXRhXxA6Li4vQ09NUFMgU291cmNlcy9UYWNodGxlcjIwMjFVbmFjY29tcGFuaWVkTWlncmFudFlvdXRoLnBkZk8RAeAAAAAAAeAAAgAADE1hY2ludG9zaCBIRAAAAAAAAAAAAAAAAAAAAAAAAABCRAAB/////x9UYWNodGxlcjIwMjFVbmFjY28jRkZGRkZGRkYucGRmAAAAAAAAAAAAAAAAAAAAAAAAAAAAAAAAAAAAAAAAAAD/////AAAAAAAAAAAAAAAAAAEAAgAACiBjdQAAAAAAAAAAAAAAAAANQ09NUFMgU291cmNlcwAAAgBVLzpVc2VyczpzYWNoYXBldGVyc29uOkRlc2t0b3A6Q09NUFMgU291cmNlczpUYWNodGxlcjIwMjFVbmFjY29tcGFuaWVkTWlncmFudFlvdXRoLnBkZgAADgBUACkAVABhAGMAaAB0AGwAZQByADIAMAAyADEAVQBuAGEAYwBjAG8AbQBwAGEAbgBpAGUAZABNAGkAZwByAGEAbgB0AFkAbwB1AHQAaAAuAHAAZABmAA8AGgAMAE0AYQBjAGkAbgB0AG8AcwBoACAASABEABIAU1VzZXJzL3NhY2hhcGV0ZXJzb24vRGVza3RvcC9DT01QUyBTb3VyY2VzL1RhY2h0bGVyMjAyMVVuYWNjb21wYW5pZWRNaWdyYW50WW91dGgucGRmAAATAAEvAAAVAAIAFP//AAAACAANABoAJABhAAAAAAAAAgEAAAAAAAAABQAAAAAAAAAAAAAAAAAAAkU=}}

@article{Shrestha2020Here,
	author = {Nischal Shrestha},
	date-added = {2022-04-13 16:10:27 -0700},
	date-modified = {2022-04-22 11:21:13 -0700},
	journal = {ICSE '20},
	title = {Here We Go Again: Why Is It Difficult for Developers to Learn Another Programming Language?},
	year = {2020},
	Bdsk-File-1 = {YnBsaXN0MDDSAQIDBFxyZWxhdGl2ZVBhdGhZYWxpYXNEYXRhXxAdLi4vQ09NUFMgU291cmNlcy8xMDEzOTExNi5wZGZPEQFqAAAAAAFqAAIAAAxNYWNpbnRvc2ggSEQAAAAAAAAAAAAAAAAAAAAAAAAAQkQAAf////8MMTAxMzkxMTYucGRmAAAAAAAAAAAAAAAAAAAAAAAAAAAAAAAAAAAAAAAAAAAAAAAAAAAAAAAAAAAAAAAAAAAA/////wAAAAAAAAAAAAAAAAABAAIAAAogY3UAAAAAAAAAAAAAAAAADUNPTVBTIFNvdXJjZXMAAAIAOC86VXNlcnM6c2FjaGFwZXRlcnNvbjpEZXNrdG9wOkNPTVBTIFNvdXJjZXM6MTAxMzkxMTYucGRmAA4AGgAMADEAMAAxADMAOQAxADEANgAuAHAAZABmAA8AGgAMAE0AYQBjAGkAbgB0AG8AcwBoACAASABEABIANlVzZXJzL3NhY2hhcGV0ZXJzb24vRGVza3RvcC9DT01QUyBTb3VyY2VzLzEwMTM5MTE2LnBkZgATAAEvAAAVAAIAFP//AAAACAANABoAJABEAAAAAAAAAgEAAAAAAAAABQAAAAAAAAAAAAAAAAAAAbI=}}
